%% This BibTeX bibliography file was created using BibDesk.
%% http://bibdesk.sourceforge.net/


%% Created for Mak at 2011-07-01 23:12:31 +0200 


%% Saved with string encoding Unicode (UTF-8) 



@inbook{muesseler2015allgemeine,
  title={Allgemeine Psychologie},
  author={M{\"u}sseler, J.},
  isbn={9783662487013},
  year={2015},
  pages="588--615",
  publisher={Springer Berlin Heidelberg}
}

@book{underwood2005,
	AUTHOR = {Underwood, Geoffrey},
	YEAR = {2005},
	TITLE = {Cognitive Processes in Eye Guidance - },
	EDITION = {},
	ISBN = {978-0-198-56681-6},
	PUBLISHER = {OUP Oxford},
	ADDRESS = {New York, London},
}

@book{Karnath2006,
	AUTHOR = {Karnath, Hans-Otto AND Thier, Peter},
	YEAR = {2006},
	TITLE = {Neuopsychologie},
	EDITION = {},
	ISBN = {978-3-540-28448-2},
	PUBLISHER = {Springer},
	ADDRESS = {Berlin, Heidelberg},
}

@book{Waller2013,
	AUTHOR = {Waller, David AND Nadel, Lynn},
	YEAR = {2013},
	TITLE = {Handbook of Spatial Cognition - },
	EDITION = {},
	ISBN = {978-1-433-81204-0},
	PUBLISHER = {American Psychological Association},
	ADDRESS = {Washington DC},
}

@book{Dillenbourg1999,
	AUTHOR = {Dillenbourg, Pierre},
	YEAR = {1999},
	TITLE = {Collaborative Learning - Cognitive and Computational Approaches},
	EDITION = {},
	ISBN = {978-0-080-43073-7},
	PUBLISHER = {Elsevier Science and Technology Books},
	ADDRESS = {Oxford},
}

@book{heldal2005,
  title={Evaluating collaboration in distributed virtual environments for a puzzle-solving task},
  author={Heldal, Ilona and Steed, Anthony and Schroeder, Ralph},
  booktitle={HCI International},
  year={2005}
}

@inbook{Hesse2015,
author="Hesse, Friedrich",
title="A Framework for Teachable Collaborative Problem Solving Skills",
bookTitle="Assessment and Teaching of 21st Century Skills: Methods and Approach",
year="2015",
publisher="Springer Netherlands",
address="Dordrecht",
pages="37--56",
isbn="978-94-017-9395-7"
}

@book{Roschelle1995,
author="Roschelle, Jeremy
and Teasley, Stephanie D.",
editor="O'Malley, Claire",
title="The Construction of Shared Knowledge in Collaborative Problem Solving",
booktitle="Computer Supported Collaborative Learning",
year="1995",
publisher="Springer Berlin Heidelberg",
address="Berlin, Heidelberg",
pages="69--97",
isbn="978-3-642-85098-1"
}

@BOOK{Newell1972,
	AUTHOR = {Newell, Allen},
	YEAR = {1972},
	TITLE = {Human Problem Solving - },
	EDITION = {},
	ISBN = {},
	PUBLISHER = {Defense Technical Information Center},
	ADDRESS = {New York},
}



@article{Frankenstein2012,
author = {Julia Frankenstein and Betty J. Mohler and Heinrich H. BÃ¼lthoff and Tobias Meilinger},
title ={Is the Map in Our Head Oriented North?},
journal = {Psychological Science},
volume = {23},
number = {2},
pages = {120-125},
year = {2012}
}

@article{Amorim2003,
author = { Michel-Ange Amorim },
title = {What is my avatar seeing? The coordination of out-of-body and embodied perspectives for scene recognition across views},
journal = {Visual Cognition},
volume = {10},
number = {2},
pages = {157-199},
year  = {2003},
publisher = {Routledge},
eprint = { 
        https://doi.org/10.1080/713756678
    
}

}